@Article{tidyverse,
    title = {Welcome to the {tidyverse}},
    author = {Hadley Wickham and Mara Averick and Jennifer Bryan and Winston Chang and Lucy D'Agostino McGowan and Romain Fran\c{c}ois and Garrett Grolemund and Alex Hayes and Lionel Henry and Jim Hester and Max Kuhn and Thomas Lin Pedersen and Evan Miller and Stephan Milton Bache and Kirill M{\"u}ller and Jeroen Ooms and David Robinson and Dana Paige Seidel and Vitalie Spinu and Kohske Takahashi and Davis Vaughan and Claus Wilke and Kara Woo and Hiroaki Yutani},
    year = {2019},
    journal = {Journal of Open Source Software},
    volume = {4},
    number = {43},
    pages = {1686},
    doi = {10.21105/joss.01686},
  }
  @Manual{tigris,
    title = {tigris: Load Census TIGER/Line Shapefiles},
    author = {Kyle Walker},
    year = {2024},
    note = {R package version 2.1},
    url = {https://CRAN.R-project.org/package=tigris},
  }
  @Manual{tidycensus,
    title = {tidycensus: Load US Census Boundary and Attribute Data as 'tidyverse' and
'sf'-Ready Data Frames},
    author = {Kyle Walker and Matt Herman},
    year = {2025},
    note = {R package version 1.7.1},
    url = {https://CRAN.R-project.org/package=tidycensus},
  }
    @Manual{stringr,
    title = {stringr: Simple, Consistent Wrappers for Common String Operations},
    author = {Hadley Wickham},
    year = {2023},
    note = {R package version 1.5.1},
    url = {https://CRAN.R-project.org/package=stringr},
  }
    @Book{ggplot,
    author = {Hadley Wickham},
    title = {ggplot2: Elegant Graphics for Data Analysis},
    publisher = {Springer-Verlag New York},
    year = {2016},
    isbn = {978-3-319-24277-4},
    url = {https://ggplot2.tidyverse.org},
  }

    @Manual{cumstat,
    title = {cumstats: Cumulative Descriptive Statistics},
    author = {Arturo Erdely and Ian Castillo},
    year = {2017},
    note = {R package version 1.0},
    url = {https://CRAN.R-project.org/package=cumstats},
  }

  @Manual{patch,
    title = {patchwork: The Composer of Plots},
    author = {Thomas Lin Pedersen},
    year = {2024},
    note = {R package version 1.3.0},
    url = {https://CRAN.R-project.org/package=patchwork},
  }